@book{book:999471,
   title =     {An Introduction to LTE: LTE, LTE-Advanced, SAE and 4G Mobile Communications},
   author =    {Christopher Cox(auth.)},
   publisher = {},
   isbn =      {9781119970385,9781119942825},
   year =      {2012},
   series =    {},
   edition =   {},
   volume =    {},
   url =       {http://gen.lib.rus.ec/book/index.php?md5=de7a40617cc8105566602f08a104e7a7}
}


@book{book:28747,
   title =     {Theory and Applications of OFDM and CDMA: Wideband Wireless Communications},
   author =    {Henrik Schulze, Christian Lueders},
   publisher = {Wiley},
   isbn =      {9780470850695,0-470-85069-8},
   year =      {2005},
   series =    {},
   edition =   {},
   volume =    {},
   url =       {http://gen.lib.rus.ec/book/index.php?md5=371DA13496D2A0590BBEAF70553E9353}
}



@book{lamport94,
    title = {LaTeX: A Document Preparation System},
    author = {Lamport, Leslie},
    year = {1994},
    publisher = {Pearson Education India}
}
